@book{Judson,
	place={S.l.},
	title={Abstract Algebra: Theory and Applications},
	author={Judson, Thomas W.},
	year={2022}
}

@book{Gallian,
	title={Contemporary Abstract Algebra},
	author={Gallian, Joseph A.},
	publisher={CRC PRESS},
	year={2021}
}
